@article{RN8186,
   author = {Story, Dee Ann},
   title = {{1968-1970 Archeological Investigations at the George C. Davis Site, Cherokee County, Texas}},
   journal = {Bulletin of the Texas Archeological Society},
   volume = {68},
   pages = {1-113},
   year = {1997},
   type = {Journal Article}
}

@article{RN8174,
   author = {Webb, Clarence H. and McKinney, Ralph R.},
   title = {{Mounds Plantation (16CD12), Caddo Parish, Louisiana}},
   journal = {Louisiana Archaeology},
   volume = {2},
   pages = {39-128},
   year = {1975},
   type = {Journal Article}
}

@article{RN8176,
   author = {Webb, Clarence H. and Dodd Jr., Monroe},
   title = {{Further Excavations of the Gahagan Mound: Connections with a Florida Culture}},
   journal = {Bulletin of the Texas Archeological and Paleontological Society},
   volume = {11},
   pages = {92-126},
   year = {1939},
   type = {Journal Article}
}

@article{RN8071,
   author = {Selden Jr., Robert Z.},
   title = {A Preliminary Study of Smithport Plain Bottle Morphology in the Southern Caddo Area},
   journal = {Bulletin of the Texas Archeological Society},
   volume = {89},
   pages = {63-89},
   url = {https://scholarworks.sfasu.edu/crhr/283/},
   year = {2018},
   type = {Journal Article}
}

@article{RN7925,
   author = {Selden Jr., Robert Z.},
   title = {Ceramic Morphological Organisation in the Southern Caddo Area: Quiddity of Shape for Hickory Engraved Bottles},
   journal = {Journal of Archaeological Science: Reports},
   volume = {21},
   pages = {884-896},
   ISSN = {2352409X},
   DOI = {10.1016/j.jasrep.2018.08.045},
   url = {https://www.sciencedirect.com/science/article/abs/pii/S2352409X18302700},
   year = {2018},
   type = {Journal Article}
}

@article{RN8361,
   author = {Selden Jr., Robert Z.},
   title = {Ceramic Morphological Organisation in the Southern Caddo Area: The Clarence H. Webb Collections},
   journal = {Journal of Cultural Heritage},
   volume = {35},
   pages = {41-55},
   DOI = {10.1016/j.culher.2018.07.002},
   url = {https://www.sciencedirect.com/science/article/abs/pii/S1296207418301912?via%3Dihub},
   year = {2019},
   type = {Journal Article}
}

@inbook{RN8967,
   author = {Selden Jr., Robert Z.},
   title = {Louisiana Limitrophe: An Iterative Morphological Exegesis of Caddo Bottle and Biface Production},
   booktitle = {Ancestral Caddo Ceramic Traditions},
   editor = {McKinnon, Duncan P. and Girard, Jeffrey S. and Perttula, Timothy K.},
   publisher = {LSU Press},
   address = {Baton Rouge},
   pages = {258-276},
   url = {https://osf.io/preprints/socarxiv/rpnd5/},
   year = {2021},
   type = {Book Section}
}

@book{RN8189,
   author = {Newell, H. Perry and Krieger, Alex D.},
   title = {The George C. Davis Site, Cherokee County, Texas},
   publisher = {Memoir No. 5. Society for American Archaeology},
   address = {Menasha, Wisconsin},
   year = {1949},
   type = {Book}
}

@article{RN11065,
   author = {Selden Jr., Robert Z. and Dockall, John E.},
   title = {{Supplemental materials for paper: Morphological trajectories suggest significant changes in preference and design intent associated with Gahagan bifaces from Caddo burials in the American Southeast}},
   journal = {Open Science Framework},
   DOI = {10.17605/OSF.IO/Y7B39},
   url = {https://osf.io/y7b39/},
   year = {2021},
   type = {Journal Article}
}

@article{RN11064,
   author = {Selden Jr., R. Z. and Dockall, John E.},
   title = {Supplementary materials for paper: Perdiz arrow points from Caddo burial contexts aid in defining discrete behavioral regions},
   journal = {Open Science Framework},
   DOI = {10.17605/OSF.IO/VZHJR},
   url = {https://osf.io/vzhjr/},
   year = {2021},
   type = {Journal Article}
}

@article{RN7115,
   author = {Moore, Clarence B.},
   title = {{Some Aboriginal Sites on Red River}},
   journal = {Journal of the Academy of Natural Sciences of Philadelphia},
   volume = {14},
   number = {4},
   pages = {526-636},
   year = {1912},
   type = {Journal Article}
}

@phdthesis{RN5746,
   author = {Shafer, Harry J.},
   title = {Lithic Technology at the George C. Davis Site, Cherokee County, Texas},
   university = {The University of Texas},
   year = {1973},
   type = {Thesis}
}

@article{RN8154,
   author = {Selden Jr., Robert Z. and Dockall, John E. and Shafer, Harry J.},
   title = {Lithic Morphological Organisation: Gahagan Bifaces from the Southern Caddo Area},
   journal = {Digital Applications in Archaeology and Cultural Heritage},
   volume = {10},
   pages = {e00080},
   ISSN = {22120548},
   DOI = {10.1016/j.daach.2018.e00080},
   url = {https://www.sciencedirect.com/science/article/abs/pii/S2212054818300183},
   year = {2018},
   type = {Journal Article}
}

@article{RN8318,
   author = {Selden Jr., Robert Z. and Dockall, John E. and Dubied, Morgane},
   title = {A quantitative assessment of intraspecific morphological variation in Gahagan bifaces from the southern Caddo area and central Texas},
   journal = {Southeastern Archaeology},
   volume = {39},
   number = {2},
   pages = {125-145},
   ISSN = {0734-578X
2168-4723},
   DOI = {10.1080/0734578x.2020.1744416},
   url = {https://www.tandfonline.com/doi/full/10.1080/0734578X.2020.1744416},
   year = {2020},
   type = {Journal Article}
}

@article{RN10759,
   author = {Tunnell, Curtis},
   title = {In Their Own Words: Stories from Some Pioneer Texas Archeologists},
   journal = {Bulletin of the Texas Archeological Society},
   volume = {71},
   pages = {1-146},
   year = {2000},
   type = {Journal Article}
}

@inbook{RN8102,
   author = {Kendall, David G.},
   title = {{The Statistics of Shape}},
   booktitle = {Interpreting Multivariate Data},
   editor = {Barnett, Vic},
   publisher = {Wiley},
   address = {New York},
   pages = {75-80},
   year = {1981},
   type = {Book Section}
}

@article{RN8587,
   author = {Kendall, David G.},
   title = {Shape Manifolds, Procrustean Metrics, and Complex Projective Spaces},
   journal = {Bulletin of the London Mathematical Society},
   volume = {16},
   number = {2},
   pages = {81-121},
   ISSN = {00246093},
   DOI = {10.1112/blms/16.2.81},
   url = {http://onlinelibrary.wiley.com/doi/10.1112/blms/16.2.81/abstract
https://londmathsoc.onlinelibrary.wiley.com/doi/abs/10.1112/blms/16.2.81},
   year = {1984},
   type = {Journal Article}
}

@article{RN8384,
   author = {Slice, Dennis E.},
   title = {{Landmark Coordinates Aligned by Procrustes Analysis Do Not Lie in Kendall's Shape Space}},
   journal = {Systematic Biology},
   volume = {50},
   number = {1},
   pages = {141-149},
   ISSN = {1076-836X
1063-5157},
   DOI = {10.1080/10635150119110},
   year = {2001},
   type = {Journal Article}
}

@article{RN8525,
   author = {Rohlf, F. James and Slice, Dennis E.},
   title = {{Extensions of the Procrustes Method for the Optimal Superimposition of Landmarks}},
   journal = {Systematic Zoology},
   volume = {39},
   number = {1},
   pages = {40-59},
   ISSN = {00397989},
   DOI = {10.2307/2992207},
   url = {https://academic.oup.com/sysbio/article-abstract/39/1/40/1629843?redirectedFrom=fulltext},
   year = {1990},
   type = {Journal Article}
}

@book{RN8584,
   author = {R Core Development Team},
   title = {R: A Language and Environment for Statistical Computing. Electronic resource,},
   publisher = {R Foundation for Statistical Computing},
   address = {Vienna, Austria},
   url = {http://www.R-project.org},
   year = {2021},
   type = {Book}
}

@article{RN8565,
   author = {Adams, Dean C. and Otarola-Castillo, Erik},
   title = {{geomorph: An R Package for the Collection and Analysis of Geometric Morphometric Shape Data}},
   journal = {Methods in Ecology and Evolution},
   volume = {4},
   number = {4},
   pages = {393-399},
   ISSN = {2041210X},
   DOI = {10.1111/2041-210x.12035},
   url = {https://besjournals.onlinelibrary.wiley.com/doi/full/10.1111/2041-210X.12035
https://besjournals.onlinelibrary.wiley.com/doi/pdfdirect/10.1111/2041-210X.12035?download=true},
   year = {2013},
   type = {Journal Article}
}

@article{RN9364,
   author = {Selden Jr, Robert Z. and Dockall, John E. and Bousman, C. Britt and Perttula, Timothy K.},
   title = {Shape as a function of time + raw material + burial context? An exploratory analysis of Perdiz arrow points from the ancestral Caddo area of the American Southeast},
   journal = {Journal of Archaeological Science: Reports},
   volume = {37},
   pages = {102916},
   ISSN = {2352409X},
   DOI = {10.1016/j.jasrep.2021.102916},
   url = {https://www.sciencedirect.com/science/article/pii/S2352409X21001280},
   year = {2021},
   type = {Journal Article}
}

@inbook{RN8312,
   author = {Gray, Charles T. and Marwick, Ben},
   title = {Truth, Proof, and Reproducibility: There's No Counter-Attack for the Codeless},
   booktitle = {Statistics and Data Science},
   series = {Communications in Computer and Information Science},
   chapter = {Chapter 8},
   pages = {111-129},
   ISBN = {978-981-15-1959-8
978-981-15-1960-4},
   DOI = {10.1007/978-981-15-1960-4_8},
   year = {2019},
   type = {Book Section}
}

@article{RN8313,
   author = {Peng, Roger D.},
   title = {Reproducible Research in Computational Science},
   journal = {Science},
   volume = {334},
   number = {6060},
   pages = {1226-7},
   ISSN = {1095-9203 (Electronic)
0036-8075 (Linking)},
   DOI = {10.1126/science.1213847},
   url = {https://www.ncbi.nlm.nih.gov/pubmed/22144613},
   year = {2011},
   type = {Journal Article}
}

@book{RN8299,
   author = {Gandrud, Christopher},
   title = {Reproducible Research with R and RStudio},
   publisher = {CRC Press},
   address = {London},
   series = {The R Series},
   year = {2014},
   type = {Book}
}

@article{RN8207,
   author = {Marwick, Ben},
   title = {Computational Reproducibility in Archaeological Research: Basic Principles and a Case Study of Their Implementation},
   journal = {Journal of Archaeological Method and Theory},
   volume = {24},
   number = {2},
   pages = {424-450},
   ISSN = {1072-5369
1573-7764},
   DOI = {10.1007/s10816-015-9272-9},
   year = {2016},
   type = {Journal Article}
}

@article{RN8965,
   author = {Ivanovaite, Livija and Serwatka, Kamil and Hoggard, Christian Steven and Sauer, Florian and Riede, Felix},
   title = {All these Fantastic Cultures? Research History and Regionalization in the Late Palaeolithic Tanged Point Cultures of Eastern Europe},
   journal = {European Journal of Archaeology},
   volume = {23},
   number = {2},
   pages = {162-185},
   ISSN = {1461-9571
1741-2722},
   DOI = {10.1017/eaa.2019.59},
   year = {2019},
   type = {Journal Article}
}

@article{RN10760,
   author = {Marwick, Ben and Wang, Li-Ying and Robinson, Ryan and Loiselle, Hope},
   title = {How to Use Replication Assignments for Teaching Integrity in Empirical Archaeology},
   journal = {Advances in Archaeological Practice},
   volume = {8},
   number = {1},
   pages = {78-86},
   ISSN = {2326-3768},
   DOI = {10.1017/aap.2019.38},
   year = {2019},
   type = {Journal Article}
}

@book{RN5700,
   author = {Birkhoff, George D.},
   title = {Aesthetic Measure},
   publisher = {Harvard University Press},
   address = {Cambridge},
   year = {1933},
   type = {Book}
}

@article{RN10761,
   author = {Peels, R. and Bouter, L.},
   title = {Humanities need a replication drive too},
   journal = {Nature},
   volume = {558},
   number = {7710},
   pages = {372},
   ISSN = {1476-4687 (Electronic)
0028-0836 (Linking)},
   DOI = {10.1038/d41586-018-05454-w},
   url = {https://www.ncbi.nlm.nih.gov/pubmed/29921855},
   year = {2018},
   type = {Journal Article}
}

@article{RN9565,
   author = {Baken, Erica K. and Collyer, Michael L. and Kaliontzopoulou, Antigoni and Adams, Dean C.},
   title = {{geomorph v4.0 and gmShiny: Enhanced analytics and a new graphical interface for a comprehensive morphometric experience}},
   journal = {Methods in Ecology and Evolution},
   ISSN = {2041-210X
2041-210X},
   DOI = {10.1111/2041-210x.13723},
   year = {2021},
   type = {Journal Article}
}

@article{RN5698,
   author = {Gower, J. C.},
   title = {{Generalized Procrustes Analysis}},
   journal = {Psychometrika},
   volume = {40},
   number = {1},
   pages = {33-51},
   ISSN = {0033-3123
1860-0980},
   DOI = {https://doi.org/10.1007/BF02291478},
   url = {https://link.springer.com/article/10.1007%2FBF02291478},
   year = {1975},
   type = {Journal Article}
}

@article{RN8511,
   author = {Rohlf, F. James},
   title = {{Shape Statistics: Procrustes Superimpositions and Tangent Spaces}},
   journal = {Journal of Classification},
   volume = {16},
   number = {2},
   pages = {197-223},
   ISSN = {0176-4268
1432-1343},
   DOI = {10.1007/s003579900054},
   url = {https://link.springer.com/article/10.1007%2Fs003579900054},
   year = {1999},
   type = {Journal Article}
}

@book{RN8576,
   author = {Jolliffe, Ian T.},
   title = {Principal Component Analysis},
   publisher = {Springer},
   address = {New York},
   year = {2002},
   type = {Book}
}

@article{RN8555,
   author = {Klingenberg, Christian Peter},
   title = {{Visualizations in Geometric Morphometrics: How to Read and How to Make Graphs Showing Shape Changes}},
   journal = {Hystrix},
   volume = {24},
   pages = {15-24},
   year = {2013},
   type = {Journal Article}
}

@article{RN8553,
   author = {Sherratt, Emma and Gower, David J. and Klingenberg, Christian P. and Wilkinson, Mark},
   title = {{Evolution of Cranial Shape in Caecilians (Amphibia: Gymnophiona)}},
   journal = {Evolutionary Biology},
   volume = {41},
   pages = {528-545},
   DOI = {https://doi.org/10.1007/s11692-014-9287-2},
   url = {https://link.springer.com/article/10.1007%2Fs11692-014-9287-2},
   year = {2014},
   type = {Journal Article}
}

@article{RN10875,
   author = {Revell, L. J.},
   title = {Size-correction and principal components for interspecific comparative studies},
   journal = {Evolution},
   volume = {63},
   number = {12},
   pages = {3258-68},
   ISSN = {1558-5646 (Electronic)
0014-3820 (Linking)},
   DOI = {10.1111/j.1558-5646.2009.00804.x},
   url = {https://www.ncbi.nlm.nih.gov/pubmed/19663993},
   year = {2009},
   type = {Journal Article}
}

@article{RN8579,
   author = {Adams, Dean C. and Collyer, Michael L.},
   title = {{Permutation Tests for Phylogenetic Comparative Analyses of High-Dimensional Shape Data: What you Shuffle Matters}},
   journal = {Evolution},
   volume = {69},
   number = {3},
   pages = {823-9},
   ISSN = {1558-5646 (Electronic)
0014-3820 (Linking)},
   DOI = {10.1111/evo.12596},
   url = {http://www.ncbi.nlm.nih.gov/pubmed/25641367
https://onlinelibrary.wiley.com/doi/abs/10.1111/evo.12596},
   year = {2015},
   type = {Journal Article}
}

@article{RN8334,
   author = {Collyer, Michael L. and Adams, Dean C.},
   title = {{RRPP: An R Package for Fitting Linear Models to High-Dimensional Data using Residual Randomization}},
   journal = {Methods in Ecology and Evolution},
   volume = {9},
   number = {7},
   pages = {1772-1779},
   ISSN = {2041210X},
   DOI = {https://doi.org/10.1111/2041-210X.13029},
   url = {https://besjournals.onlinelibrary.wiley.com/doi/pdf/10.1111/2041-210X.13029
https://besjournals.onlinelibrary.wiley.com/doi/full/10.1111/2041-210X.13029},
   year = {2018},
   type = {Journal Article}
}

@article{RN6995,
   author = {Anderson, Marti J. and Ter Braak, Cajo J. F.},
   title = {{Permutation Tests for Multi-Factoral Analysis of Variance}},
   journal = {Journal of Statistical Computation and Simulation},
   volume = {73},
   number = {2},
   pages = {85-113},
   DOI = {10.1080=0094965021000015558},
   year = {2003},
   type = {Journal Article}
}

@article{RN7046,
   author = {Goodall, Colin},
   title = {{Procrustes Methods in the Statistical Analysis of Shape}},
   journal = {Journal of the Royal Statistical Society. Series B (Methodological)},
   volume = {53},
   number = {2},
   pages = {285-339},
   year = {1991},
   type = {Journal Article}
}

@article{RN8477,
   author = {Collyer, M. L. and Sekora, D. J. and Adams, D. C.},
   title = {{A method for analysis of phenotypic change for phenotypes described by high-dimensional data}},
   journal = {Heredity (Edinb)},
   volume = {115},
   number = {4},
   pages = {357-65},
   ISSN = {1365-2540 (Electronic)
0018-067X (Linking)},
   DOI = {10.1038/hdy.2014.75},
   url = {http://www.ncbi.nlm.nih.gov/pubmed/25204302
https://www.ncbi.nlm.nih.gov/pmc/articles/PMC4815463/pdf/hdy201475a.pdf},
   year = {2015},
   type = {Journal Article}
}
